<record><leader>00000cas a22000007a 4500</leader><controlfield tag="001">12935814</controlfield><controlfield tag="008">851219c19849999iauwr ne      0   a0eng d</controlfield><datafield ind1=" " ind2=" " tag="010"><subfield code="a">sn 85050963 </subfield></datafield><datafield ind1=" " ind2=" " tag="040"><subfield code="a">INP</subfield><subfield code="b">eng</subfield><subfield code="c">INP</subfield><subfield code="d">NSD</subfield><subfield code="d">OCLCQ</subfield></datafield><datafield ind1=" " ind2=" " tag="012"><subfield code="m">1</subfield></datafield><datafield ind1="1" ind2=" " tag="022"><subfield code="a">1072-7523</subfield><subfield code="l">1072-7523</subfield><subfield code="2">1</subfield></datafield><datafield ind1=" " ind2=" " tag="032"><subfield code="a">004960</subfield><subfield code="b">USPS</subfield></datafield><datafield ind1=" " ind2=" " tag="042"><subfield code="a">msc</subfield><subfield code="a">nsdp</subfield></datafield><datafield ind1="0" ind2=" " tag="130"><subfield code="a">Adair County free press (Greenfield, Iowa : 1984)</subfield></datafield><datafield ind1=" " ind2="0" tag="222"><subfield code="a">Adair County free press</subfield><subfield code="b">(1984)</subfield></datafield><datafield ind1="1" ind2="0" tag="245"><subfield code="a">Adair County free press.</subfield></datafield><datafield ind1=" " ind2=" " tag="260"><subfield code="a">Greenfield, Iowa :</subfield><subfield code="b">Edwin J. Sidey,</subfield><subfield code="c">1984-</subfield></datafield><datafield ind1=" " ind2=" " tag="300"><subfield code="a">v. :</subfield><subfield code="b">ill.</subfield></datafield><datafield ind1=" " ind2=" " tag="310"><subfield code="a">Weekly</subfield></datafield><datafield ind1="0" ind2=" " tag="362"><subfield code="a">Vol. 94, no. 39 (Feb. 22, 1984)-</subfield></datafield><datafield ind1=" " ind2=" " tag="588"><subfield code="a">Latest issue consulted: Vol. 104, no. 21 (Oct. 6, 1993).</subfield></datafield><datafield ind1=" " ind2=" " tag="752"><subfield code="a">United States</subfield><subfield code="b">Iowa</subfield><subfield code="c">Adair</subfield><subfield code="d">Greenfield.</subfield></datafield><datafield ind1="0" ind2="0" tag="780"><subfield code="t">Adair County free press and the Greenfield transcript</subfield><subfield code="w">(DLC)sn 85050962</subfield></datafield></record>